@misc{Giusca2005,
  author = {Bogdan Giusca},
  journal = {Commons.wikimedia.org},
  title = {The problem of the Seven Bridges of KÃ¶nigsberg.},
  publisher = {Wikimedia},
  address = {San Francisco},
  year = {2005},
  URL = {https://commons.wikimedia.org/wiki/File:Konigsberg_bridges.png},
}


@misc{Mohar91thelaplacian,
    author = {Bojan Mohar},
    title = {The Laplacian spectrum of graphs},
    booktitle = {Graph Theory, Combinatorics, and Applications},
    year = {1991},
    pages = {871--898},
    publisher = {Wiley}
}
